@article{bean1980reducing,
  title={Reducing travelling costs and player fatigue in the national basketball association},
  author={Bean, James C and Birge, John R},
  journal={Interfaces},
  volume={10},
  number={3},
  pages={98--102},
  year={1980},
  publisher={INFORMS}}


@article{ferland1991computer,
  title={Computer aided scheduling for a sport league},
  author={Ferland, Jacques A and Fleurent, Charles},
  journal={INFOR: Information Systems and Operational Research},
  volume={29},
  number={1},
  pages={14--25},
  year={1991},
  publisher={Taylor \& Francis}}

@article{russell1994devising,
  title={Devising a cost effective schedule for a baseball league},
  author={Russell, Robert A and Leung, Janny MY},
  journal={Operations Research},
  volume={42},
  number={4},
  pages={614--625},
  year={1994},
  publisher={INFORMS}}

@article{trick2004using,
  title={Using sports scheduling to teach integer programming},
  author={Trick, Michael A},
  journal={INFORMS Transactions on Education},
  volume={5},
  number={1},
  pages={10--17},
  year={2004},
  publisher={INFORMS}}

@phdthesis{poort1997aspects,
  title={Aspects of sensitivity analysis for the traveling salesman problem},
  author={Poort, Edo Stephan},
  year={1997},
  school={[University Library Groningen][Host]}}

@article{kostuk2012decision,
  title={A decision support system for scheduling the Canadian Football League},
  author={Kostuk, Kent J and Willoughby, Keith A},
  journal={Interfaces},
  volume={42},
  number={3},
  pages={286--295},
  year={2012},
  publisher={INFORMS}}

@article{bhattacharyya2009note,
  title={A note on complexity of traveling tournament problem},
  author={Bhattacharyya, Rishiraj},
  journal={Optimization Online},
  volume={2480},
  year={2009}}
  
@article{duran2007scheduling,
  title={Scheduling the Chilean soccer league by integer programming},
  author={Dur{\'a}n, Guillermo and Guajardo, Mario and Miranda, Jaime and Saur{\'e}, Denis and Souyris, Sebasti{\'a}n and Weintraub, Andres and Wolf, Rodrigo},
  journal={Interfaces},
  volume={37},
  number={6},
  pages={539--552},
  year={2007},
  publisher={INFORMS}}

@article{della2006scheduling,
  title={Scheduling the Italian football league: An ILP-based approach},
  author={Della Croce, Federico and Oliveri, Dario},
  journal={Computers \& Operations Research},
  volume={33},
  number={7},
  pages={1963--1974},
  year={2006},
  publisher={Elsevier}}

@inproceedings{easton2001traveling,
  title={The traveling tournament problem description and benchmarks},
  author={Easton, Kelly and Nemhauser, George and Trick, Michael},
  booktitle={International Conference on Principles and Practice of Constraint Programming},
  pages={580--584},
  year={2001},
  organization={Springer}}
  

@inproceedings{easton2002solving,
  title={Solving the travelling tournament problem: A combined integer programming and constraint programming approach},
  author={Easton, Kelly and Nemhauser, George and Trick, Michael},
  booktitle={International Conference on the Practice and Theory of Automated Timetabling},
  pages={100--109},
  year={2002},
  organization={Springer}}
  
@article{birge2004scheduling,
  title={Scheduling a Professional Sports League in Microsoft{\textregistered} Excel: Showing Students the Value of Good Modeling and Solution Techniques},
  author={Birge, John R},
  journal={INFORMS Transactions on Education},
  volume={5},
  number={1},
  pages={56--66},
  year={2004},
  publisher={INFORMS}}
  


@article{nemhauser1998scheduling,
  title={Scheduling a major college basketball conference},
  author={Nemhauser, George L and Trick, Michael A},
  journal={Operations Research},
  volume={46},
  number={1},
  pages={1--8},
  year={1998},
  publisher={INFORMS}}
